<?xml version="1.0" encoding="UTF-8"?><collection xmlns="http://www.loc.gov/MARC21/slim"><record><leader>00463nam--2200169-i-4500</leader><controlfield tag="001">000023659</controlfield><controlfield tag="002">20161230</controlfield><controlfield tag="005">20170112235949</controlfield><controlfield tag="008">060222s1000------------r-----000-0-eng-d</controlfield><datafield ind1=" " ind2=" " tag="080"><subfield code="a">616-07</subfield></datafield><datafield ind1=" " ind2=" " tag="245"><subfield code="a">Histopathology of irradiation from external and internal sources</subfield></datafield><datafield ind1=" " ind2=" " tag="260"><subfield code="a">New York</subfield><subfield code="b">McGraw-Hill</subfield><subfield code="c">1948</subfield></datafield><datafield ind1=" " ind2=" " tag="300"><subfield code="a">XXV + 808 p</subfield></datafield><datafield ind1=" " ind2=" " tag="490"><subfield code="a">National Nuclear Energy Series</subfield></datafield><datafield ind1=" " ind2=" " tag="700"><subfield code="a">Bloom, William</subfield></datafield><datafield ind1=" " ind2=" " tag="852"><subfield code="a">10729</subfield></datafield><datafield ind1=" " ind2=" " tag="CAT"><subfield code="a">SYS</subfield><subfield code="c">20170112</subfield><subfield code="h">235949</subfield></datafield></record></collection>